1419 2433
459 97 898 138 EPIGRAMMATA.
1229 97 1242 131 l
1253 97 1275 131 9
1282 97 1301 131 5

108 204 192 242 Scis
212 209 249 241 te
266 205 424 252 captari,
447 204 521 240 seis
542 204 646 239 hunc
665 202 731 251 qui
753 205 894 249 captat,
917 212 1089 244 avarum,

157 257 211 293 Et
230 257 304 293 scis
325 258 392 305 qui
413 261 553 305 captat,
576 257 680 304 quid,
704 255 893 298 Mariano,
916 253 1022 289 velit.

105 310 167 347 Tu
188 316 315 346 tamen
337 311 440 346 hunc
460 310 602 346 tabulis
623 309 815 352 heredem,
838 307 967 351 stulte,
990 305 1180 354 supremis

160 363 305 400 Scribis
326 368 364 399 et
383 375 466 399 esse
488 369 553 398 tuo
574 362 644 407 vis,
667 361 822 405 furiose,
845 360 939 396 loco.

107 417 309 452 “Munera
327 429 468 464 magua
488 422 616 451 tamen
635 413 774 451 misit.’'
833 413 909 450 Sed
929 412 1034 448 misit
1053 412 1092 448 in
1113 411 1252 454 ham03
1285 418 1303 446 5

158 469 211 505 Et
230 469 460 517 piscatorem
480 469 596 517 piscis
616 480 744 504 amare
764 466 920 515 potest?

107 521 249 558 Hicine
269 522 426 558 deflebit
446 534 537 558 vero
558 526 624 557 tua
644 520 724 557 fata
745 519 905 556 dolore?

162 575 203 613 Si
224 575 345 623 cupis,
368 580 411 611 ut
431 576 567 623 ploret,
590 575 667 619 des,
690 574 879 617 Mariane,
902 571 1010 608 nihil.

89 668 117 696 2.
138 669 265 713 quidm—²⁴
266 669 329 705 elit]
363 669 426 698 Viz.
457 680 474 707 y
478 680 531 698 our
562 670 658 698 death.
700 673 730 697 et
744 669 775 696 in
790 667 918 695 mullum
933 666 1066 695 mittitur
1078 670 1166 703 atque
1181 664 1294 701 lupum.
1298 665 1307 676 ’

52 706 156 744 Comp
172 708 234 736 viii
250 707 297 741 27,
314 708 440 736 Munera
464 709 513 745 qui
535 709 590 736 tibi
612 709 662 736 dat
740 707 767 735 6.
789 707 842 740 Et,
855 705 949 741 &c‘J
961 705 1068 733 What!
1089 715 1105 732 a
1116 704 1169 732 tisli
1180 704 1246 732 love
1256 703 1305 731 the

53 745 192 789 locupleti
207 746 306 774 Gauic
322 748 454 798 eenique,
481 746 513 774 Si
536 748 612 784 sipis
627 752 656 775 ct
696 755 765 774 man
783 745 846 773 uho
861 743 976 772 catchcs
992 743 1031 771 it!
1059 742 1129 771 Just
1144 752 1174 770 as
1189 752 1304 770 reason-

52 785 153 815 sentis.
169 784 223 812 hoc
239 786 293 813 tibi
308 786 359 817 ait
377 785 529 814 ‘·211101e1e
697 783 764 812 able
779 784 824 811 it
818 793 842 811 is
855 783 900 811 for
914 792 972 820 you
984 788 1012 810 to
1029 782 1063 810 be
1078 791 1108 809 so
1118 781 1188 809 fond
1204 781 1237 808 of
1248 781 1306 809 this

91 823 117 850 4.
139 832 197 851 esse
214 823 377 859 tuo—loco]
411 824 454 852 To
477 824 598 852 succced
628 828 657 851 to
698 833 753 858 σα]
749 821 854 850 tator?

51 870 125 897 your
138 863 324 898 possessions.
736 860 762 888 8.
785 858 961 895 des—nihil]
992 858 1076 886 Then
1092 858 1129 886 he
1144 857 1206 886 will
1228 862 1254 886 t1
1256 857 1305 885 uli

90 899 118 928 5.
139 900 171 927 in
193 899 291 936 hamo]
312 900 369 929 See
394 901 432 928 iv.
459 900 505 935 56,
532 902 538 914 ⁵
555 900 657 928 Sordi-
698 908 789 936 weep,
819 899 940 926 because
965 897 1001 925 he
1026 897 1079 925 has
1102 902 1152 933 got
1172 896 1304 933 nothing

53 937 117 965 dius
138 938 215 966 nihil
240 944 292 971 est
309 937 386 966 nihil
410 944 455 967 est
475 923 505 967 te⁷
525 939 658 975 spurcius
699 937 809 966 Juven.
839 935 990 985 ploratur
1024 934 1164 972 lacrymis
1200 935 1307 963 amissa

54 986 122 1007 ιιιιο
139 976 198 1011 Qui
220 982 301 1014 potes
320 977 440 1005 insidias
459 978 535 1005 dona
555 986 658 1005 vocare
698 976 822 1014 pecunia
835 975 922 1003 veris.

54 1013 137 1043 tuas.⁸
165 1014 219 1053 Ep.
236 1015 300 1044 228.
318 1015 343 1051 7
360 1016 417 1044 and
433 1016 478 1044 85.
495 1018 542 1050 4,
554 1016 658 1044 lruuns

455 1134 540 1170 ΕΡ.
571 1133 658 1170 309.
689 1131 782 1181 (VI.
803 1130 906 1179 lxv.)

93 1218 136 1245 To
151 1218 257 1253 Tucca,
272 1218 338 1246 who
353 1218 488 1254 objected
505 1222 533 1246 to
549 1218 692 1255 epigrams
703 1216 792 1253 being
807 1216 924 1243 xviitten
940 1215 970 1243 in
986 1214 1158 1243 hexameter
1172 1223 1254 1242 verse
1268 1212 1307 1250 (as

55 1257 102 1285 the
118 1257 274 1295 preceding
288 1267 343 1285 one
359 1258 391 1284 of
403 1257 509 1294 thirty·
500 1262 570 1285 —two
585 1265 683 1285 verses
696 1256 729 1290 is,
747 1256 803 1283 viz.
821 1255 859 1282 vi.
879 1254 941 1290 64).

108 1338 396 1374 “Hexametris
416 1338 653 1385 epigramma
674 1336 769 1372 facis
783 1335 801 1349 '’
824 1335 902 1372 scio
924 1335 1053 1371 dicere
1075 1335 1258 1371 Tuccam.

160 1391 303 1436 Tucca,
326 1392 423 1427 solet
443 1391 537 1435 fieri,
561 1391 738 1437 denique,
761 1389 905 1433 Tucca,
928 1389 1031 1425 licet.

108 1447 131 1464 “
148 1443 223 1482 Sed
258 1449 384 1480 tamen
423 1445 496 1479 hoc
533 1444 690 1491 longum
730 1441 822 1479 est.''
900 1441 1008 1479 Solet
1038 1441 1111 1477 hoc
1141 1452 1305 1488 quoque,

214 1497 356 1542 Tucca,
379 1497 544 1544 licetque
560 1511 567 1533 :

163 1550 204 1588 Si
225 1551 404 1586 breviora
425 1550 575 1597 probae,
599 1549 765 1585 disticha
785 1548 866 1584 sola
884 1548 1002 1595 legas.

109 1602 327 1641 Conveniat
346 1603 467 1646 nobis,
490 1608 533 1638 ut
555 1602 611 1638 fas
631 1603 910 1650 epigrammata
929 1601 1045 1648 longa
1290 1607 1307 1636 5

163 1656 223 1694 Sit
242 1656 407 1692 transire
428 1656 510 1700 tibi,
534 1656 712 1700 scribere,
735 1655 879 1699 Tucca,
900 1654 1006 1690 mihi.
1213 1665 1215 1667 ’

91 1751 119 1781 ⁶2.
142 1751 303 1789 soletfieri]
325 1753 332 1765 ‘
344 1751 417 1779 This
432 1751 456 1778 is
471 1750 551 1779 often
567 1750 660 1785 done3
741 1749 766 1777 5.
791 1748 964 1784 Conreniat]
986 1750 992 1762 ⁵
1007 1748 1062 1776 Lct
1077 1758 1110 1776 us
1122 1757 1204 1776 come
1227 1752 1257 1776 to
1272 1757 1307 1775 an

54 1791 110 1819 and
133 1791 160 1819 if
176 1791 200 1819 it
213 1799 290 1818 were
310 1794 372 1824 not,
395 1789 477 1818 there
502 1790 526 1817 is
546 1799 583 1817 no
606 1788 662 1817 law
701 1788 941 1825 understanding
947 1788 953 1799 ¹
995 1788 1021 1815 A
1036 1788 1108 1824 good
1125 1787 1213 1814 satire
1234 1796 1271 1814 on
1293 1797 1308 1814 a

54 1830 166 1867 against
182 1828 225 1857 it.'
704 1827 808 1855 dotard
824 1827 890 1855 who
915 1825 1001 1854 could
1022 1830 1075 1854 not
1095 1825 1258 1862 appreciate
1273 1834 1308 1853 an

93 1867 119 1895 3.
142 1867 206 1903 hoe]
236 1866 309 1895 This
343 1865 502 1904 particular
534 1866 663 1904 epigram
705 1866 842 1903 epigram.
884 1864 941 1894 See
956 1864 1010 1902 Ep.
1030 1863 1093 1892 102.
1110 1863 1136 1893 7.

56 1905 141 1943 (next
156 1904 336 1944 preceding).

457 2007 539 2043 ΕΡ.
571 2008 658 2043 310.
690 2007 783 2053 (VI.
805 2006 910 2055 lxx.)

65 2131 72 2158 ἰ
95 2091 252 2141 “Cot'tais
267 2091 303 2119 62
317 2101 400 2129 years
424 2091 483 2125 old,
499 2090 556 2119 and
584 2090 634 2119 lias
661 2101 752 2119 never
776 2089 830 2119 felt
853 2101 870 2119 a
893 2090 985 2125 sever,
1009 2100 1099 2119 never
1121 2089 1213 2118 called
1241 2089 1271 2117 iu
1295 2097 1308 2117 α

56 2136 166 2159 «octor.

219 2191 224 2205 Ι

113 2211 375 2260 Sexagesima‚
397 2210 607 2254 Marciaue,
629 2210 763 2245 messis

109 2265 213 2301 Aet-a
232 2269 291 2301 est
310 2268 360 2309 et,
382 2269 487 2313 puto,
510 2264 584 2299 iam
605 2262 772 2298 secunda
793 2260 946 2300 Cottae.

649 2326 674 2352 o
698 2316 721 2351 2
